@article{domingos2012few,
title={A few useful things to know about machine learning},
author={Domingos, Pedro},
journal={Communications of the ACM},
volume={55},
number={10},
pages={78--87},
year={2012},
publisher={ACM New York, NY, USA}
}

@article{roberts2018hierarchical,
  title={A hierarchical latent vector model for learning long-term structure in music},
  author={Roberts, Adam and Engel, Jesse and Raffel, Colin and Hawthorne, Curtis and Eck, Douglas},
  journal={arXiv preprint arXiv:1803.05428},
  year={2018}
}

@article{bengio2013representation,
  title={Representation learning: A review and new perspectives},
  author={Bengio, Yoshua and Courville, Aaron and Vincent, Pascal},
  journal={IEEE transactions on pattern analysis and machine intelligence},
  volume={35},
  number={8},
  pages={1798--1828},
  year={2013},
  publisher={IEEE}
}

@article{salakhutdinov2009semantic,
  title={Semantic hashing},
  author={Salakhutdinov, Ruslan and Hinton, Geoffrey},
  journal={International Journal of Approximate Reasoning},
  volume={50},
  number={7},
  pages={969--978},
  year={2009},
  publisher={Elsevier}
}

@article{theis2017lossy,
  title={Lossy image compression with compressive autoencoders},
  author={Theis, Lucas and Shi, Wenzhe and Cunningham, Andrew and Husz{\'a}r, Ferenc},
  journal={arXiv preprint arXiv:1703.00395},
  year={2017}
}

@inproceedings{deng2013sparse,
  title={Sparse autoencoder-based feature transfer learning for speech emotion recognition},
  author={Deng, Jun and Zhang, Zixing and Marchi, Erik and Schuller, Bj{\"o}rn},
  booktitle={2013 humaine association conference on affective computing and intelligent interaction},
  pages={511--516},
  year={2013},
  organization={IEEE}
}

@inproceedings{xie2012image,
  title={Image denoising and inpainting with deep neural networks},
  author={Xie, Junyuan and Xu, Linli and Chen, Enhong},
  booktitle={Advances in neural information processing systems},
  pages={341--349},
  year={2012}
}

@inproceedings{roberts2018learning,
  title={Learning Latent Representations of Music to Generate Interactive Musical Palettes.},
  author={Roberts, Adam and Engel, Jesse H and Oore, Sageev and Eck, Douglas},
  booktitle={IUI Workshops},
  year={2018}
}

@book{goodfellow2016,
    title={Deep Learning},
    author={Ian Goodfellow and Yoshua Bengio and Aaron Courville},
    publisher={MIT Press},
    note={\url{http://www.deeplearningbook.org}},
    year={2016}
}

@book{mitchell1997,
  title={Machine learning. WCB},
  author={Mitchell, Tom M and others},
  year={1997},
  publisher={McGraw-Hill Boston, MA:}
}

@book{abu2012learning,
  title={Learning from data},
  author={Abu-Mostafa, Yaser S and Magdon-Ismail, Malik and Lin, Hsuan-Tien},
  volume={4},
  year={2012},
  publisher={AMLBook New York, NY, USA:}
}

@article{izenman2008modern,
  title={Modern multivariate statistical techniques},
  author={Izenman, Alan Julian},
  journal={Regression, classification and manifold learning},
  volume={10},
  pages={978--0},
  year={2008},
  publisher={Springer}
}

@article{cauchy1847methode,
  title={M{\'e}thode g{\'e}n{\'e}rale pour la r{\'e}solution des systemes d’{\'e}quations simultan{\'e}es},
  author={Cauchy, Augustin},
  journal={Comp. Rend. Sci. Paris},
  volume={25},
  number={1847},
  pages={536--538},
  year={1847}
}

@article{curry1944method,
  title={The method of steepest descent for non-linear minimization problems},
  author={Curry, Haskell B},
  journal={Quarterly of Applied Mathematics},
  volume={2},
  number={3},
  pages={258--261},
  year={1944}
}

@misc{hauser2012b553,
  title={“B553 lecture 4: Gradient descent},
  author={Hauser, Kris},
  year={2012}
}

@book{sutskever2013training,
  title={Training recurrent neural networks},
  author={Sutskever, Ilya},
  year={2013},
  publisher={University of Toronto Toronto, Canada}
}

@article{duchi2011adaptive,
  title={Adaptive subgradient methods for online learning and stochastic optimization.},
  author={Duchi, John and Hazan, Elad and Singer, Yoram},
  journal={Journal of machine learning research},
  volume={12},
  number={7},
  year={2011}
}

@article{tieleman2012lecture,
  title={Lecture 6.5-rmsprop: Divide the gradient by a running average of its recent magnitude},
  author={Tieleman, Tijmen and Hinton, Geoffrey},
  journal={COURSERA: Neural networks for machine learning},
  volume={4},
  number={2},
  pages={26--31},
  year={2012}
}

@article{kingma2014adam,
  title={Adam: A method for stochastic optimization},
  author={Kingma, Diederik P and Ba, Jimmy},
  journal={arXiv preprint arXiv:1412.6980},
  year={2014}
}

@article{carr2018generating,
  title={Generating albums with SampleRNN to imitate metal, rock, and punk bands},
  author={Carr, CJ and Zukowski, Zack},
  journal={arXiv preprint arXiv:1811.06633},
  year={2018}
}

@article{valdivia2017sentiment,
  title={Sentiment analysis in tripadvisor},
  author={Valdivia, Ana and Luz{\'o}n, M Victoria and Herrera, Francisco},
  journal={IEEE Intelligent Systems},
  volume={32},
  number={4},
  pages={72--77},
  year={2017},
  publisher={IEEE}
}

@inproceedings{singh2017machine,
  title={Machine translation using deep learning: An overview},
  author={Singh, Shashi Pal and Kumar, Ajai and Darbari, Hemant and Singh, Lenali and Rastogi, Anshika and Jain, Shikha},
  booktitle={2017 International Conference on Computer, Communications and Electronics (Comptelix)},
  pages={162--167},
  year={2017},
  organization={IEEE}
}

@article{liu2019detection,
  title={Detection of DNA base modifications by deep recurrent neural network on Oxford Nanopore sequencing data},
  author={Liu, Qian and Fang, Li and Yu, Guoliang and Wang, Depeng and Xiao, Chuan-Le and Wang, Kai},
  journal={Nature communications},
  volume={10},
  number={1},
  pages={1--11},
  year={2019},
  publisher={Nature Publishing Group}
}

@article{lu2018neural,
  title={Neural text generation: Past, present and beyond},
  author={Lu, Sidi and Zhu, Yaoming and Zhang, Weinan and Wang, Jun and Yu, Yong},
  journal={arXiv preprint arXiv:1803.07133},
  year={2018}
}

@inproceedings{huang2017counterpoint,
 title={Counterpoint by Convolution},
 author={Huang, Cheng-Zhi Anna and Cooijmans, Tim and Roberts, Adam and Courville, Aaron and Eck, Douglas},
 booktitle = {International Society for Music Information Retrieval (ISMIR)},
 year={2017}
}

@inproceedings{graves2013speech,
  title={Speech recognition with deep recurrent neural networks},
  author={Graves, Alex and Mohamed, Abdel-rahman and Hinton, Geoffrey},
  booktitle={2013 IEEE international conference on acoustics, speech and signal processing},
  pages={6645--6649},
  year={2013},
  organization={IEEE}
}

@article{pascanu2013construct,
  title={How to construct deep recurrent neural networks},
  author={Pascanu, Razvan and Gulcehre, Caglar and Cho, Kyunghyun and Bengio, Yoshua},
  journal={arXiv preprint arXiv:1312.6026},
  year={2013}
}

@article{hochreiter1997long,
  title={Long short-term memory},
  author={Hochreiter, Sepp and Schmidhuber, J{\"u}rgen},
  journal={Neural computation},
  volume={9},
  number={8},
  pages={1735--1780},
  year={1997},
  publisher={MIT Press}
}

@article{greff2016lstm,
  title={LSTM: A search space odyssey},
  author={Greff, Klaus and Srivastava, Rupesh K and Koutn{\'\i}k, Jan and Steunebrink, Bas R and Schmidhuber, J{\"u}rgen},
  journal={IEEE transactions on neural networks and learning systems},
  volume={28},
  number={10},
  pages={2222--2232},
  year={2016},
  publisher={IEEE}
}

@inproceedings{gers2000recurrent,
  title={Recurrent nets that time and count},
  author={Gers, Felix A and Schmidhuber, J{\"u}rgen},
  booktitle={Proceedings of the IEEE-INNS-ENNS International Joint Conference on Neural Networks. IJCNN 2000. Neural Computing: New Challenges and Perspectives for the New Millennium},
  volume={3},
  pages={189--194},
  year={2000},
  organization={IEEE}
}

@article{cho2014learning,
  title={Learning phrase representations using RNN encoder-decoder for statistical machine translation},
  author={Cho, Kyunghyun and Van Merri{\"e}nboer, Bart and Gulcehre, Caglar and Bahdanau, Dzmitry and Bougares, Fethi and Schwenk, Holger and Bengio, Yoshua},
  journal={arXiv preprint arXiv:1406.1078},
  year={2014}
}

@article{guyon2003introduction,
  title={An introduction to variable and feature selection},
  author={Guyon, Isabelle and Elisseeff, Andr{\'e}},
  journal={Journal of machine learning research},
  volume={3},
  number={Mar},
  pages={1157--1182},
  year={2003}
}

@inproceedings{beyer1999nearest,
  title={When is “nearest neighbor” meaningful?},
  author={Beyer, Kevin and Goldstein, Jonathan and Ramakrishnan, Raghu and Shaft, Uri},
  booktitle={International conference on database theory},
  pages={217--235},
  year={1999},
  organization={Springer}
}

@article{charte2018practical,
  title={A practical tutorial on autoencoders for nonlinear feature fusion: Taxonomy, models, software and guidelines},
  author={Charte, David and Charte, Francisco and Garc{\'\i}a, Salvador and del Jesus, Mar{\'\i}a J and Herrera, Francisco},
  journal={Information Fusion},
  volume={44},
  pages={78--96},
  year={2018},
  publisher={Elsevier}
}

@inproceedings{klambauer2017self,
  title={Self-normalizing neural networks},
  author={Klambauer, G{\"u}nter and Unterthiner, Thomas and Mayr, Andreas and Hochreiter, Sepp},
  booktitle={Advances in neural information processing systems},
  pages={971--980},
  year={2017}
}

@book{lee2007nonlinear,
  title={Nonlinear dimensionality reduction},
  author={Lee, John A and Verleysen, Michel},
  year={2007},
  publisher={Springer Science \& Business Media}
}

@inproceedings{ye2005two,
  title={Two-dimensional linear discriminant analysis},
  author={Ye, Jieping and Janardan, Ravi and Li, Qi},
  booktitle={Advances in neural information processing systems},
  pages={1569--1576},
  year={2005}
}

@article{kingma2013auto,
  title={Auto-encoding variational bayes},
  author={Kingma, Diederik P and Welling, Max},
  journal={arXiv preprint arXiv:1312.6114},
  year={2013}
}

@article{rezende2014stochastic,
  title={Stochastic backpropagation and approximate inference in deep generative models},
  author={Rezende, Danilo Jimenez and Mohamed, Shakir and Wierstra, Daan},
  journal={arXiv preprint arXiv:1401.4082},
  year={2014}
}

@article{kingma2019introduction,
  title={An introduction to variational autoencoders},
  author={Kingma, Diederik P and Welling, Max},
  journal={arXiv preprint arXiv:1906.02691},
  year={2019}
}

@book{kullback1997information,
  title={Information theory and statistics},
  author={Kullback, Solomon},
  year={1997},
  publisher={Courier Corporation}
}

@book{ash2014real,
  title={Real Analysis and Probability: Probability and Mathematical Statistics: a Series of Monographs and Textbooks},
  author={Ash, Robert B},
  year={2014},
  publisher={Academic press}
}

@article{cybenko1989approximation,
  title={Approximation by superpositions of a sigmoidal function},
  author={Cybenko, George},
  journal={Mathematics of control, signals and systems},
  volume={2},
  number={4},
  pages={303--314},
  year={1989},
  publisher={Springer}
}

@article{duoandikoetxea2003lecciones,
  title={Lecciones sobre las series y transformadas de Fourier},
  author={Duoandikoetxea, Javier},
  journal={Recuperado de http://www. ugr. es/acanada/docencia/matematicas/analisisdefourier/Duoandikoetxeafourier. pdf},
  year={2003}
}

@book{rudin1987real,
  title={Real and Complex Analysis},
  author={Rudin, W.},
  isbn={9780071002769},
  lccn={86000007},
  series={Mathematics series},
  year={1987},
  publisher={McGraw-Hill}
}

@book{halmos1976measure,
  title={Measure Theory},
  author={Halmos, P.R.},
  isbn={9780387900889},
  lccn={lc74010690},
  series={Graduate Texts in Mathematics},
  year={1976},
  publisher={Springer New York}
}

@article{hornik1989multilayer,
  title={Multilayer feedforward networks are universal approximators.},
  author={Hornik, Kurt and Stinchcombe, Maxwell and White, Halbert and others},
  journal={Neural networks},
  volume={2},
  number={5},
  pages={359--366},
  year={1989}
}

@article{hornik1991approximation,
  title={Approximation capabilities of multilayer feedforward networks},
  author={Hornik, Kurt},
  journal={Neural networks},
  volume={4},
  number={2},
  pages={251--257},
  year={1991},
  publisher={Elsevier}
}

@inproceedings{lu2017expressive,
  title={The expressive power of neural networks: A view from the width},
  author={Lu, Zhou and Pu, Hongming and Wang, Feicheng and Hu, Zhiqiang and Wang, Liwei},
  booktitle={Advances in neural information processing systems},
  pages={6231--6239},
  year={2017}
}

@article{bahdanau2014neural,
  title={Neural machine translation by jointly learning to align and translate},
  author={Bahdanau, Dzmitry and Cho, Kyunghyun and Bengio, Yoshua},
  journal={arXiv preprint arXiv:1409.0473},
  year={2014}
}

@inproceedings{magentajs,
title = {Magenta.js: A JavaScript API for Augmenting Creativity with Deep Learning},
author = {Adam Roberts and Curtis Hawthorne and Ian Simon},
year = {2018},
booktitle = {Joint Workshop on Machine Learning for Music (ICML)}
}

@article{engel2019gansynth,
  title={Gansynth: Adversarial neural audio synthesis},
  author={Engel, Jesse and Agrawal, Kumar Krishna and Chen, Shuo and Gulrajani, Ishaan and Donahue, Chris and Roberts, Adam},
  journal={arXiv preprint arXiv:1902.08710},
  year={2019}
}

@proceedings{midime,
title = {MidiMe: Personalizing a MusicVAE model with user data},
editor = {Monica Dinculescu and Jesse Engel and Adam Roberts},
year = {2019},
booktitle = {Workshop on Machine Learning for Creativity and Design, NeurIPS}
}

@article{pianogenie,
  author    = {Chris Donahue and Ian Simon and Sander Dieleman},
  title     = {Piano Genie},
  journal   = {CoRR},
  volume    = {abs/1810.05246},
  year      = {2018}
}

@misc{performance-rnn-2017,
    author = {Ian Simon and Sageev Oore},
    title = {Performance RNN: Generating Music with Expressive Timing and Dynamics},
    journal = {Magenta Blog},
    type = {Blog},
    year = {2017},
    howpublished = {\url{https://magenta.tensorflow.org/performance-rnn}}
}
